@unpublished{DingelTintelnot:2021,
	Author = {Jonathan I. Dingel and Felix Tintelnot},
	Month = {January},
	Title = {Spatial Economics for Granular Settings},
	Year = {2021}}
