@incollection{BRUECKNER1987821,
title = {Chapter 20 The structure of urban equilibria: A unified treatment of the muth-mills model},
series = {Handbook of Regional and Urban Economics},
publisher = {Elsevier},
volume = {2},
pages = {821-845},
year = {1987},
booktitle = {Urban Economics},
issn = {1574-0080},
doi = {https://doi.org/10.1016/S1574-0080(87)80006-8},
url = {https://www.sciencedirect.com/science/article/pii/S1574008087800068},
author = {Jan K. Brueckner}
}