@article{CFR-0037,
url = {http://dx.doi.org/10.1561/104.00000037},
year = {2016},
volume = {5},
journal = {Critical Finance Review},
title = {Supply Constraints Are Not Valid Instrumental Variables for Home Prices Because They Are Correlated With Many Demand Factors},
doi = {10.1561/104.00000037},
issn = {2164-5744},
number = {2},
pages = {177-206},
author = {Thomas Davidoff}
}